@article{tapestry,
author={Ben Y. Zhao and Ling Huang and J. Stribling and S.C. Rhea and Anthony D. Joseph and John D. Kubiatowicz},
journal={IEEE Journal on Selected Areas in Communications},
title={{Tapestry: A resilient global-scale overlay for service deployment}},
year={2004},
month={Jan},
volume={22},
number={1},
pages={41-53}
}

@article{chord,
author = {Stoica, Ion and Morris, Robert and Liben-Nowell, David and Karger, David R. and Kaashoek, M. Frans and Dabek, Frank and Balakrishnan, Hari},
title = {{Chord: A Scalable Peer-to-peer Lookup Protocol for Internet Applications}},
journal = {IEEE/ACM Trans. Netw.},
issue_date = {February 2003},
volume = {11},
number = {1},
month = Feb,
year = {2003},
issn = {1063-6692},
pages = {17--32},
numpages = {16},
publisher = {IEEE Press},
address = {Piscataway, NJ, USA},
}

@misc{chimera,
title = {{Chimera, a Structured Peer-to-Peer Overlay}},
howpublished = {\url{http://current.cs.ucsb.edu/projects/chimera/}},
}

@inproceedings{,
 author = {Sean Rhea and Patrick Eaton and Dennis Geels and Hakim Weatherspoon and Ben Zhao and John Kubiatowicz},
 title = {{Pond: the OceanStore Prototype}},
 booktitle = {Proceedings of the 2nd USENIX Conference on File and Storage Technologies (FAST '03)},
 pages = {1--14},
}

@inproceedings{bigtable,
author = {Chang, Fay and Dean, Jeffrey and Ghemawat, Sanjay and Hsieh, Wilson C. and Wallach, Deborah A. and Burrows, Mike and Chandra, Tushar and Fikes, Andrew and Gruber, Robert E.},
title = {{Bigtable: A Distributed Storage System for Structured Data}},
booktitle = {Proceedings of the 7th USENIX Symposium on Operating Systems Design and Implementation},
series = {OSDI '06},
year = {2006},
location = {Seattle, WA},
pages = {205--218}
}

@inproceedings{megastore,
title = {Megastore: Providing Scalable, Highly Available Storage for Interactive Services},
author  = {Jason Baker and Chris Bond and James C. Corbett and JJ Furman and Andrey Khorlin and James Larson and Jean-Michel Leon and Yawei Li and Alexander Lloyd and Vadim Yushprakh},
year  = 2011,
URL = {http://www.cidrdb.org/cidr2011/Papers/CIDR11_Paper32.pdf},
booktitle = {Proceedings of the Conference on Innovative Data system Research (CIDR)},
pages = {223--234}
}

@inproceedings{i3,
author = {Stoica, Ion and Adkins, Daniel and Zhuang, Shelley and Shenker, Scott and Surana, Sonesh},
title = {{Internet Indirection Infrastructure}},
booktitle = {Proceedings of the 2002 Conference on Applications, Technologies, Architectures, and Protocols for Computer Communications},
series = {SIGCOMM '02},
year = {2002},
isbn = {1-58113-570-X},
location = {Pittsburgh, Pennsylvania, USA},
pages = {73--86},
numpages = {14},
}

@misc{smap,
title = {{sMAP: the Simple Measurement and Actuation Profile}},
howpublished = {\url{http://www.cs.berkeley.edu/~stevedh/smap2/}}
}

@inproceedings{dynamo,
author = {DeCandia, Giuseppe and Hastorun, Deniz and Jampani, Madan and Kakulapati, Gunavardhan and Lakshman, Avinash and Pilchin, Alex and Sivasubramanian, Swaminathan and Vosshall, Peter and Vogels, Werner},
title = {{Dynamo: Amazon's Highly Available Key-value Store}},
booktitle = {Proceedings of Twenty-first ACM SIGOPS Symposium on Operating Systems Principles},
series = {SOSP '07},
year = {2007},
isbn = {978-1-59593-591-5},
location = {Stevenson, Washington, USA},
pages = {205--220},
numpages = {16},
}

@inproceedings {bolt,
author = {Trinabh Gupta and Rayman Preet Singh and Amar Phanishayee and Jaeyeon Jung and Ratul Mahajan},
title = {{Bolt: Data Management for Connected Homes}},
booktitle = {11th USENIX Symposium on Networked Systems Design and Implementation (NSDI 14)},
year = {2014},
month = Apr,
pages = {243--256},
}

@inproceedings{antiquity,
 author = {Weatherspoon, Hakim and Eaton, Patrick and Chun, Byung-Gon and Kubiatowicz, John},
 title = {{Antiquity: Exploiting a Secure Log for Wide-area Distributed Storage}},
 booktitle = {Proceedings of the 2nd ACM SIGOPS/EuroSys European Conference on Computer Systems 2007},
 series = {EuroSys '07},
 year = {2007},
 location = {Lisbon, Portugal},
 pages = {371--384},
 numpages = {14},
}

@misc{gdp,
title = {{Global Data Plane | SWARM}},
howpublished = {\url{https://swarmlab.eecs.berkeley.edu/projects/4814/global-data-plane}}
}